% ------------------------------------------------------------------------------
% References bib file
% ------------------------------------------------------------------------------
@misc{rui2015emergency,
  author       = {Rui, P. and Kang, K.},
  title        = {National Ambulatory Medical Care Survey: 2015 Emergency Department Summary Tables},
  howpublished = {Available from: \url{www.cdc.gov/nchs/data/nhamcs/web_tables/2015_ed_web_tables.pdf}},
  year         = {2015}
}

@misc{cdc2015deaths,
  author       = {{Centers for Disease Control and Prevention}},
  title        = {Deaths: Final Data for 2015. Supplemental Tables. Tables I-21, I-22},
  howpublished = {Available from: \url{www.cdc.gov/nchs/data/nvsr/nvsr66/nvsr66_06_tables.pdf}},
  year         = {2015}
}

@article{franquet2018pneumonia,
  author  = {Franquet, T.},
  title   = {Imaging of community-acquired pneumonia},
  journal = {Journal of Thoracic Imaging},
  year    = {2018},
  note    = {Epub ahead of print},
  url     = {https://doi.org/10.1097/RTI.0000000000000361},
  pmid    = {30036297}
}

@article{kelly2012chest,
  author  = {Kelly, B.},
  title   = {The Chest Radiograph},
  journal = {Ulster Medical Journal},
  volume  = {81},
  number  = {3},
  pages   = {143--148},
  year    = {2012},
  url     = {https://www.ncbi.nlm.nih.gov/pmc/articles/PMC3697431/}
}

@inproceedings{wang2017chestxray8,
  author    = {Wang, X. and Peng, Y. and Lu, L. and Lu, Z. and Bagheri, M. and Summers, R.M.},
  title     = {ChestX-ray8: Hospital-scale Chest X-ray Database and Benchmarks on Weakly-Supervised Classification and Localization of Common Thorax Diseases},
  booktitle = {Proceedings of the IEEE Conference on Computer Vision and Pattern Recognition (CVPR)},
  year      = {2017},
  url       = {http://openaccess.thecvf.com/content_cvpr_2017/papers/Wang_ChestX-ray8_Hospital-Scale_Chest_CVPR_2017_paper.pdf}
}
